<collection xmlns="http://www.loc.gov/MARC21/slim">
<record>
  <leader>01670nam0a2200289 i 450 </leader>
  <controlfield tag="001">IT\ICCU\CNCE\078902</controlfield>
  <controlfield tag="005">20150930000000.0</controlfield>
  <datafield tag="012" ind1=" " ind2=" ">
    <subfield code="a">ion- m.*- e-i- mure (3) 1588 (R)</subfield>
    <subfield code="2">fei</subfield>
  </datafield>
  <datafield tag="100" ind1=" " ind2=" ">
    <subfield code="a">20150312d1588        0itac0103    ba</subfield>
  </datafield>
  <datafield tag="101" ind1=" " ind2=" ">
    <subfield code="a">LAT</subfield>
  </datafield>
  <datafield tag="102" ind1=" " ind2=" ">
    <subfield code="a">IT</subfield>
  </datafield>
  <datafield tag="200" ind1="1" ind2=" ">
    <subfield code="a">Officium hebdomadae sanctae, ac  commemoratio omnium defunctorum, in die animarum. Ad Carmelitarum Missalis, et  Beuiarij reformatorum rationem, reuerendissimi prioris generalis magistri Ioannis Baptistae Caffardi de Senis iussu editum</subfield>
  </datafield>
  <datafield tag="210" ind1=" " ind2=" ">
    <subfield code="a">Venetiis</subfield>
    <subfield code="c">apud Iohannem Variscum</subfield>
    <subfield code="d">&amp; Paganinum de Paganinis</subfield>
    <subfield code="e">Venetiis</subfield>
    <subfield code="g">apud Iohannem Variscum</subfield>
    <subfield code="h">et Paganinum de Paganinis</subfield>
    <subfield code="h">1588</subfield>
  </datafield>
  <datafield tag="215" ind1=" " ind2=" ">
    <subfield code="a">147, \1! c.</subfield>
    <subfield code="c">ill.</subfield>
    <subfield code="d">16ʻ</subfield>
  </datafield>
  <datafield tag="620" ind1=" " ind2=" ">
    <subfield code="a">IT</subfield>
    <subfield code="d">Venezia</subfield>
  </datafield>
  <datafield tag="710" ind1="0" ind2="2">
    <subfield code="a">Carmelitani</subfield>
    <subfield code="3">IT\ICCU\CNCT\002657</subfield>
  </datafield>
  <datafield tag="702" ind1=" " ind2="1">
    <subfield code="a">Caffardi,</subfield>
    <subfield code="b">Giovanni Battista</subfield>
    <subfield code="3">IT\ICCU\CNCA\029944</subfield>
  </datafield>
  <datafield tag="712" ind1="0" ind2="0">
    <subfield code="a">Varisco, Giovanni &amp; Paganini, Paganino &lt;2.&gt;</subfield>
    <subfield code="3">IT\ICCU\CNCT\000285</subfield>
    <subfield code="4">650</subfield>
  </datafield>
  <datafield tag="791" ind1="0" ind2="2">
    <subfield code="a">Ordo fratrum carmelitarum</subfield>
    <subfield code="3">15463</subfield>
    <subfield code="z">Carmelitani</subfield>
  </datafield>
  <datafield tag="791" ind1="0" ind2="2">
    <subfield code="a">Ordo fratrum B. Mariae V. de Monte Carmelo</subfield>
    <subfield code="3">15464</subfield>
    <subfield code="z">Carmelitani</subfield>
  </datafield>
  <datafield tag="791" ind1="0" ind2="2">
    <subfield code="a">Congregatio Carmelitarum Mantuae</subfield>
    <subfield code="3">15465</subfield>
    <subfield code="z">Carmelitani</subfield>
  </datafield>
  <datafield tag="791" ind1="0" ind2="2">
    <subfield code="a">Congregatio Albiensis ordinis carmelitarum</subfield>
    <subfield code="3">15466</subfield>
    <subfield code="z">Carmelitani</subfield>
  </datafield>
  <datafield tag="801" ind1=" " ind2="3">
    <subfield code="a">IT</subfield>
    <subfield code="b">ICCU</subfield>
    <subfield code="c">20201115</subfield>
  </datafield>
  <datafield tag="899" ind1=" " ind2=" ">
    <subfield code="a">Collezione privata Casagrande. San Don ̉di Piave</subfield>
    <subfield code="1">VE0259</subfield>
    <subfield code="2">ZVE 20</subfield>
  </datafield>
  <datafield tag="911" ind1=" " ind2=" ">
    <subfield code="a">Nel coloph.</subfield>
    <subfield code="9">IT\ICCU\CNCM\001470</subfield>
  </datafield>
  <datafield tag="921" ind1=" " ind2=" ">
    <subfield code="a">IT\ICCU\CNCM\002271</subfield>
    <subfield code="b">Sirena coronata, bicaudata, che tiene le due code alzate con le mani.</subfield>
    <subfield code="c">U804</subfield>
    <subfield code="f">SIRENA</subfield>
    <subfield code="g">1581-1588</subfield>
  </datafield>
  <datafield tag="921" ind1=" " ind2=" ">
    <subfield code="a">IT\ICCU\CNCM\001470</subfield>
    <subfield code="b">Sirena coronata, bicaudata, che tiene le due code alzate con le mani.</subfield>
    <subfield code="c">Z1093</subfield>
    <subfield code="d">Dimensioni: 1,8 x 1,8</subfield>
    <subfield code="f">SIRENA</subfield>
    <subfield code="f">BICAUDATA</subfield>
    <subfield code="f">CODE</subfield>
    <subfield code="f">CORONATA</subfield>
    <subfield code="f">MANI</subfield>
    <subfield code="g">1581-1588</subfield>
  </datafield>
</record>
</collection>
